

@manual{ruder2018review,
  title={A Review of the Neural History of Natural Language Processing},
  author={Sebastian Ruder},
  url={https://ruder.io/a-review-of-the-recent-history-of-nlp/index.html#nonneuralmilestones},
  year={2018},
}

@article{brown1993mathematics,
  title={The mathematics of statistical machine translation: Parameter estimation},
  author={Brown, Peter F and Pietra, Vincent J Della and Pietra, Stephen A Della and Mercer, Robert L},
  journal={Computational linguistics},
  volume={19},
  number={2},
  pages={263--311},
  year={1993},
  publisher={MIT Press}
}

@article{lee1989speaker,
  title={Speaker-independent phone recognition using hidden Markov models},
  author={Lee, K-F and Hon, H-W},
  journal={IEEE Transactions on Acoustics, Speech, and Signal Processing},
  volume={37},
  number={11},
  pages={1641--1648},
  year={1989},
  publisher={IEEE}
}

@article{deng1994speech,
  title={Speech recognition using hidden Markov models with polynomial regression functions as nonstationary states},
  author={Deng, Li and Aksmanovic, Michael and Sun, Xiaodong and Wu, CF Jeff},
  journal={IEEE transactions on speech and audio processing},
  volume={2},
  number={4},
  pages={507--520},
  year={1994},
  publisher={IEEE}
}

@inproceedings{mikolov2010recurrent,
  title={Recurrent neural network based language model},
  author={Mikolov, Tom{\'a}{\v{s}} and Karafi{\'a}t, Martin and Burget, Luk{\'a}{\v{s}} and {\v{C}}ernock{\`y}, Jan and Khudanpur, Sanjeev},
  booktitle={Eleventh annual conference of the international speech communication association},
  year={2010}
}

@article{graves2013generating,
  title={Generating sequences with recurrent neural networks},
  author={Graves, Alex},
  journal={arXiv preprint arXiv:1308.0850},
  year={2013}
}

@inproceedings{vinyals2015grammar,
  title={Grammar as a foreign language},
  author={Vinyals, Oriol and Kaiser, {\L}ukasz and Koo, Terry and Petrov, Slav and Sutskever, Ilya and Hinton, Geoffrey},
  booktitle={Advances in neural information processing systems},
  pages={2773--2781},
  year={2015}
}

@article{radford2018improving,
  title={Improving language understanding by generative pre-training},
  author={Radford, Alec and Narasimhan, Karthik and Salimans, Tim and Sutskever, Ilya},
  journal={URL https://s3-us-west-2. amazonaws. com/openai-assets/researchcovers/languageunsupervised/language understanding paper. pdf},
  year={2018}
}

@inproceedings{kim-2014-convolutional,
    title = "Convolutional Neural Networks for Sentence Classification",
    author = "Kim, Yoon",
    booktitle = "Proceedings of the 2014 Conference on Empirical Methods in Natural Language Processing ({EMNLP})",
    month = oct,
    year = "2014",
    address = "Doha, Qatar",
    publisher = "Association for Computational Linguistics",
    url = "https://www.aclweb.org/anthology/D14-1181",
    doi = "10.3115/v1/D14-1181",
    pages = "1746--1751",
}

@inproceedings{lai2015recurrent,
  title={Recurrent convolutional neural networks for text classification},
  author={Lai, Siwei and Xu, Liheng and Liu, Kang and Zhao, Jun},
  booktitle={Twenty-ninth AAAI conference on artificial intelligence},
  year={2015}
}

@inproceedings{yang2016hierarchical,
  title={Hierarchical attention networks for document classification},
  author={Yang, Zichao and Yang, Diyi and Dyer, Chris and He, Xiaodong and Smola, Alex and Hovy, Eduard},
  booktitle={Proceedings of the 2016 conference of the North American chapter of the association for computational linguistics: human language technologies},
  pages={1480--1489},
  year={2016}
}

% Kaixiang
% POMDP survey
@article{young2013pomdp,
  title={{POMDP}-based statistical spoken dialog systems: A review},
  author={Young, Steve and Ga{\v{s}}i{\'c}, Milica and Thomson, Blaise and Williams, Jason D},
  journal={Proceedings of the IEEE},
  volume={101},
  number={5},
  pages={1160--1179},
  year={2013}
}

% Dialog generation

@inproceedings{yang2019xlnet,
  title={Xlnet: Generalized autoregressive pretraining for language understanding},
  author={Yang, Zhilin and Dai, Zihang and Yang, Yiming and Carbonell, Jaime and Salakhutdinov, Russ R and Le, Quoc V},
  booktitle={Advances in neural information processing systems},
  pages={5754--5764},
  year={2019}
}

@article{lake2015human,
  title={Human-level concept learning through probabilistic program induction},
  author={Lake, Brenden M and Salakhutdinov, Ruslan and Tenenbaum, Joshua B},
  journal={Science},
  volume={350},
  number={6266},
  pages={1332--1338},
  year={2015},
  publisher={American Association for the Advancement of Science}
}

@article{yang2019federated,
  title={Federated machine learning: Concept and applications},
  author={Yang, Qiang and Liu, Yang and Chen, Tianjian and Tong, Yongxin},
  journal={ACM Transactions on Intelligent Systems and Technology (TIST)},
  volume={10},
  number={2},
  pages={1--19},
  year={2019},
  publisher={ACM New York, NY, USA}
}

@article{pearl2010introduction,
  title={An introduction to causal inference},
  author={Pearl, Judea},
  journal={The international journal of biostatistics},
  volume={6},
  number={2},
  year={2010},
  publisher={De Gruyter}
}

@article{song2019topic,
  title={Topic-aware dialogue speech recognition with transfer learning},
  author={Song, Yuanfeng and Di Jiang, Xueyang Wu and Xu, Qian and Wong, Raymond Chi-Wing and Yang, Qiang},
  journal={Interspeech, Austria},
  year={2019}
}

@inproceedings{jiang2019federated,
  title={Federated Topic Modeling},
  author={Jiang, Di and Song, Yuanfeng and Tong, Yongxin and Wu, Xueyang and Zhao, Weiwei and Xu, Qian and Yang, Qiang},
  booktitle={Proceedings of the 28th ACM International Conference on Information and Knowledge Management},
  pages={1071--1080},
  year={2019}
}

@article{yang2012enhanced,
  title={An enhanced dynamic hash TRIE algorithm for lexicon search},
  author={Yang, Lai and Xu, Lida and Shi, Zhongzhi},
  journal={Enterprise Information Systems},
  volume={6},
  number={4},
  pages={419--432},
  year={2012},
  publisher={Taylor \& Francis}
}

@article{li2003new,
  title={A New Dictionary Mechanism for Chinese Word Segmentation [J]},
  author={Li, Qing-hu and Chen, Yu-jian and Sun, Jia-guang},
  journal={Journal of Chinese Information Processing},
  volume={4},
  pages={001},
  year={2003}
}

@article{ngword,
  title={A word finding automation for Chinese sentence tokenization},
  author={Ng, Hong I and Lua, Kim Teng},
  journal={submitted to ACM Transaction of Asian Languages Processing}
}

@inproceedings{chang2008optimizing,
  title={Optimizing Chinese word segmentation for machine translation performance},
  author={Chang, Pi-Chuan and Galley, Michel and Manning, Christopher D},
  booktitle={Proceedings of the third workshop on statistical machine translation},
  pages={224--232},
  year={2008},
  organization={Association for Computational Linguistics}
}

@inproceedings{zhang2003chinese,
  title={Chinese lexical analysis using hierarchical hidden markov model},
  author={Zhang, Hua-Ping and Liu, Qun and Cheng, Xue-Qi and Zhang, Hao and Yu, Hong-Kui},
  booktitle={Proceedings of the second SIGHAN workshop on Chinese language processing-Volume 17},
  pages={63--70},
  year={2003},
  organization={Association for Computational Linguistics}
}

@article{morwal2012named,
  title={Named entity recognition using hidden Markov model (HMM)},
  author={Morwal, Sudha and Jahan, Nusrat and Chopra, Deepti},
  journal={International Journal on Natural Language Computing (IJNLC)},
  volume={1},
  number={4},
  pages={15--23},
  year={2012},
  publisher={Semantic Scholar}
}

@article{yu2006chinese,
  title={Chinese named entity identification using cascaded hidden Markov model},
  author={Yu, Hong-kui and Zhang, Hua-ping and Liu, Qun and Lv, Xue-qiang and Shi, Shui-cai},
  journal={Journal-China Institute Of Communications},
  volume={27},
  number={2},
  pages={87},
  year={2006},
  publisher={PEOPLE'S POSTS AND TELECOMMUNICATIONS PUBLISHING}
}

@inproceedings{chen2014fast,
  title={A fast and accurate dependency parser using neural networks},
  author={Chen, Danqi and Manning, Christopher D},
  booktitle={Proceedings of the 2014 conference on empirical methods in natural language processing (EMNLP)},
  pages={740--750},
  year={2014}
}

@article{tesniere1959elements,
  title={El{\'e}ments de syntaxe structurale},
  author={Tesni{\`e}re, Lucien},
  year={1959},
  publisher={Klincksieck}
}

@article{黄曾阳:12,
author = {黄曾阳},
title = {HNC理论概要},
publisher = {中文信息学报},
year = {1997},
journal = {中文信息学报},
volume = {11},
number = {4},
eid = {12},
numpages = {9},
pages = {12},
keywords = {},
url = {http://jcip.cipsc.org.cn/CN/abstract/article_674.shtml},
doi = {}
}    

@inproceedings{yarowsky1995unsupervised,
  title={Unsupervised word sense disambiguation rivaling supervised methods},
  author={Yarowsky, David},
  booktitle={33rd annual meeting of the association for computational linguistics},
  pages={189--196},
  year={1995}
}

@inproceedings{carreras2005introduction,
  title={Introduction to the CoNLL-2005 shared task: Semantic role labeling},
  author={Carreras, Xavier and M{\`a}rquez, Llu{\'\i}s},
  booktitle={Proceedings of the ninth conference on computational natural language learning (CoNLL-2005)},
  pages={152--164},
  year={2005}
}

@inproceedings{bjorkelund2009multilingual,
  title={Multilingual semantic role labeling},
  author={Bj{\"o}rkelund, Anders and Hafdell, Love and Nugues, Pierre},
  booktitle={Proceedings of the Thirteenth Conference on Computational Natural Language Learning (CoNLL 2009): Shared Task},
  pages={43--48},
  year={2009}
}

@article{luong2015effective,
  title={Effective approaches to attention-based neural machine translation},
  author={Luong, Minh-Thang and Pham, Hieu and Manning, Christopher D},
  journal={arXiv preprint arXiv:1508.04025},
  year={2015}
}

@inproceedings{hermann2015teaching,
  title={Teaching machines to read and comprehend},
  author={Hermann, Karl Moritz and Kocisky, Tomas and Grefenstette, Edward and Espeholt, Lasse and Kay, Will and Suleyman, Mustafa and Blunsom, Phil},
  booktitle={Advances in neural information processing systems},
  pages={1693--1701},
  year={2015}
}

@article{chen2017survey,
  title={A survey on dialogue systems: Recent advances and new frontiers},
  author={Chen, Hongshen and Liu, Xiaorui and Yin, Dawei and Tang, Jiliang},
  journal={Acm Sigkdd Explorations Newsletter},
  volume={19},
  number={2},
  pages={25--35},
  year={2017},
  publisher={ACM New York, NY, USA}
}

@article{lecun1995convolutional,
  title={Convolutional networks for images, speech, and time series},
  author={LeCun, Yann and Bengio, Yoshua and others},
  journal={The handbook of brain theory and neural networks},
  volume={3361},
  number={10},
  pages={1995},
  year={1995}
}

@article{hochreiter1997long,
  title={Long short-term memory},
  author={Hochreiter, Sepp and Schmidhuber, J{\"u}rgen},
  journal={Neural computation},
  volume={9},
  number={8},
  pages={1735--1780},
  year={1997},
  publisher={MIT Press}
}

@inproceedings{vaswani2017attention,
  title={Attention is all you need},
  author={Vaswani, Ashish and Shazeer, Noam and Parmar, Niki and Uszkoreit, Jakob and Jones, Llion and Gomez, Aidan N and Kaiser, {\L}ukasz and Polosukhin, Illia},
  booktitle={Advances in neural information processing systems},
  pages={5998--6008},
  year={2017}
}

@article{joulin2016bag,
  title={Bag of tricks for efficient text classification},
  author={Joulin, Armand and Grave, Edouard and Bojanowski, Piotr and Mikolov, Tomas},
  journal={arXiv preprint arXiv:1607.01759},
  year={2016}
}

@inproceedings{zhang2015character,
  title={Character-level convolutional networks for text classification},
  author={Zhang, Xiang and Zhao, Junbo and LeCun, Yann},
  booktitle={Advances in neural information processing systems},
  pages={649--657},
  year={2015}
}

@inproceedings{tan2017abstractive,
  title={Abstractive document summarization with a graph-based attentional neural model},
  author={Tan, Jiwei and Wan, Xiaojun and Xiao, Jianguo},
  booktitle={Proceedings of the 55th Annual Meeting of the Association for Computational Linguistics (Volume 1: Long Papers)},
  pages={1171--1181},
  year={2017}
}

@article{yao2017recent,
  title={Recent advances in document summarization},
  author={Yao, Jin-ge and Wan, Xiaojun and Xiao, Jianguo},
  journal={Knowledge and Information Systems},
  volume={53},
  number={2},
  pages={297--336},
  year={2017},
  publisher={Springer}
}

@inproceedings{mikolov2013distributed,
  title={Distributed representations of words and phrases and their compositionality},
  author={Mikolov, Tomas and Sutskever, Ilya and Chen, Kai and Corrado, Greg S and Dean, Jeff},
  booktitle={Advances in neural information processing systems},
  pages={3111--3119},
  year={2013}
}

@inproceedings{pennington2014glove,
  title={Glove: Global vectors for word representation},
  author={Pennington, Jeffrey and Socher, Richard and Manning, Christopher D},
  booktitle={Proceedings of the 2014 conference on empirical methods in natural language processing (EMNLP)},
  pages={1532--1543},
  year={2014}
}

@article{peters2018deep,
  title={Deep contextualized word representations},
  author={Peters, Matthew E and Neumann, Mark and Iyyer, Mohit and Gardner, Matt and Clark, Christopher and Lee, Kenton and Zettlemoyer, Luke},
  journal={arXiv preprint arXiv:1802.05365},
  year={2018}
}

@article{shang2015neural,
  title={Neural responding machine for short-text conversation},
  author={Shang, Lifeng and Lu, Zhengdong and Li, Hang},
  journal={arXiv preprint arXiv:1503.02364},
  year={2015}
}

%% Multi-round dialogue generation
@inproceedings{serban2016building,
  title={Building end-to-end dialogue systems using generative hierarchical neural network models},
  author={Serban, Iulian V and Sordoni, Alessandro and Bengio, Yoshua and Courville, Aaron and Pineau, Joelle},
  booktitle={Proceedings of the 30th AAAI Conference on Artificial Intelligence (AAAI-16)},
  year={2016}
}
@article{serban2016hierarchical,
  title={A Hierarchical Latent Variable Encoder-Decoder Model for Generating Dialogues},
  author={Serban, Iulian Vlad and Sordoni, Alessandro and Lowe, Ryan and Charlin, Laurent and Pineau, Joelle and Courville, Aaron and Bengio, Yoshua},
  journal={arXiv preprint arXiv:1605.06069},
  year={2016}
}

@inproceedings{young2007hidden,
  title={The hidden information state approach to dialog management},
  author={Young, Steve and Schatzmann, Jost and Weilhammer, Karl and Ye, Hui},
  booktitle={2007 IEEE International Conference on Acoustics, Speech and Signal Processing-ICASSP'07},
  volume={4},
  pages={IV--149},
  year={2007},
  organization={IEEE}
}

@inproceedings{henderson2014robust,
  title={Robust dialog state tracking using delexicalised recurrent neural networks and unsupervised adaptation},
  author={Henderson, Matthew and Thomson, Blaise and Young, Steve},
  booktitle={Spoken Language Technology Workshop (SLT), 2014 IEEE},
  pages={360--365},
  year={2014},
  organization={IEEE}
}

@inproceedings{henderson2014word,
  title={Word-based dialog state tracking with recurrent neural networks},
  author={Henderson, Matthew and Thomson, Blaise and Young, Steve},
  booktitle={Proceedings of the 15th Annual Meeting of the Special Interest Group on Discourse and Dialogue (SIGDIAL)},
  pages={292--299},
  year={2014}
}

@book{sutton1998reinforcement,
  title={Reinforcement learning: An introduction},
  author={Sutton, Richard S and Barto, Andrew G},
  volume={1},
  number={1},
  year={1998},
  publisher={MIT press Cambridge}
}

% Q-learning
@phdthesis{watkins1989learning,
  title={Learning from delayed rewards},
  author={Watkins, Christopher John Cornish Hellaby},
  year={1989},
  school={University of Cambridge England}
}

@article{wen2015stochastic,
  title={Stochastic language generation in dialogue using recurrent neural networks with convolutional sentence reranking},
  author={Wen, Tsung-Hsien and Gasic, Milica and Kim, Dongho and Mrksic, Nikola and Su, Pei-Hao and Vandyke, David and Young, Steve},
  journal={arXiv preprint arXiv:1508.01755},
  year={2015}
}

@article{wen2015semantically,
  title={Semantically conditioned lstm-based natural language generation for spoken dialogue systems},
  author={Wen, Tsung-Hsien and Gasic, Milica and Mrksic, Nikola and Su, Pei-Hao and Vandyke, David and Young, Steve},
  journal={arXiv preprint arXiv:1508.01745},
  year={2015}
}

@article{devlin2018bert,
  title={Bert: Pre-training of deep bidirectional transformers for language understanding},
  author={Devlin, Jacob and Chang, Ming-Wei and Lee, Kenton and Toutanova, Kristina},
  journal={arXiv preprint arXiv:1810.04805},
  year={2018}
}

@article{radford2019language,
  title={Language models are unsupervised multitask learners},
  author={Radford, Alec and Wu, Jeffrey and Child, Rewon and Luan, David and Amodei, Dario and Sutskever, Ilya},
  journal={OpenAI Blog},
  volume={1},
  number={8},
  pages={9},
  year={2019}
}

@article{song2019mass,
  title={Mass: Masked sequence to sequence pre-training for language generation},
  author={Song, Kaitao and Tan, Xu and Qin, Tao and Lu, Jianfeng and Liu, Tie-Yan},
  journal={arXiv preprint arXiv:1905.02450},
  year={2019}
}

@inproceedings{feng2015applying,
  title={Applying deep learning to answer selection: A study and an open task},
  author={Feng, Minwei and Xiang, Bing and Glass, Michael R and Wang, Lidan and Zhou, Bowen},
  booktitle={2015 IEEE Workshop on Automatic Speech Recognition and Understanding (ASRU)},
  pages={813--820},
  year={2015},
  organization={IEEE}
}

@inproceedings{zhou2018multi,
  title={Multi-turn response selection for chatbots with deep attention matching network},
  author={Zhou, Xiangyang and Li, Lu and Dong, Daxiang and Liu, Yi and Chen, Ying and Zhao, Wayne Xin and Yu, Dianhai and Wu, Hua},
  booktitle={Proceedings of the 56th Annual Meeting of the Association for Computational Linguistics (Volume 1: Long Papers)},
  pages={1118--1127},
  year={2018}
}

@article{luspatio,
  title={Spatio-Temporal Matching Network for Multi-Turn Responses Selection in Retrieval-Based Chatbots},
  author={Lu, Junyu and Xie, Zeying and Ling, Guang and Zhou, Chao and Xu, Zenglin}
}


@inproceedings{ji2019graph,
  title={Graph-based dependency parsing with graph neural networks},
  author={Ji, Tao and Wu, Yuanbin and Lan, Man},
  booktitle={Proceedings of the 57th Annual Meeting of the Association for Computational Linguistics},
  pages={2475--2485},
  year={2019}
}

@article{ma2017neural,
  title={Neural probabilistic model for non-projective mst parsing},
  author={Ma, Xuezhe and Hovy, Eduard},
  journal={arXiv preprint arXiv:1701.00874},
  year={2017}
}

@article{ma2018stack,
  title={Stack-pointer networks for dependency parsing},
  author={Ma, Xuezhe and Hu, Zecong and Liu, Jingzhou and Peng, Nanyun and Neubig, Graham and Hovy, Eduard},
  journal={arXiv preprint arXiv:1805.01087},
  year={2018}
}

@article{dozat2016deep,
  title={Deep biaffine attention for neural dependency parsing},
  author={Dozat, Timothy and Manning, Christopher D},
  journal={arXiv preprint arXiv:1611.01734},
  year={2016}
}

@article{fernandez2019left,
  title={Left-to-right dependency parsing with pointer networks},
  author={Fern{\'a}ndez-Gonz{\'a}lez, Daniel and G{\'o}mez-Rodr{\'\i}guez, Carlos},
  journal={arXiv preprint arXiv:1903.08445},
  year={2019}
}

@article{kiperwasser2016simple,
  title={Simple and accurate dependency parsing using bidirectional LSTM feature representations},
  author={Kiperwasser, Eliyahu and Goldberg, Yoav},
  journal={Transactions of the Association for Computational Linguistics},
  volume={4},
  pages={313--327},
  year={2016},
  publisher={MIT Press}
}

@inproceedings{balikas2016topic,
  title={On a topic model for sentences},
  author={Balikas, Georgios and Amini, Massih-Reza and Clausel, Marianne},
  booktitle={Proceedings of the 39th International ACM SIGIR conference on Research and Development in Information Retrieval},
  pages={921--924},
  year={2016},
  organization={ACM}
}

@article{kupiec1992robust,
  title={Robust part-of-speech tagging using a hidden Markov model},
  author={Kupiec, Julian},
  journal={Computer speech \& language},
  volume={6},
  number={3},
  pages={225--242},
  year={1992},
  publisher={Elsevier}
}

@inproceedings{mccallum2000maximum,
  title={Maximum Entropy Markov Models for Information Extraction and Segmentation.},
  author={McCallum, Andrew and Freitag, Dayne and Pereira, Fernando CN},
  booktitle={Icml},
  volume={17},
  number={2000},
  pages={591--598},
  year={2000}
}

@inproceedings{ratnaparkhi1996maximum,
  title={A maximum entropy model for part-of-speech tagging},
  author={Ratnaparkhi, Adwait},
  booktitle={Conference on Empirical Methods in Natural Language Processing},
  year={1996}
}

@phdthesis{borthwick1999maximum,
  title={A maximum entropy approach to named entity recognition},
  author={Borthwick, Andrew and Grishman, Ralph},
  year={1999},
  school={Citeseer}
}

@inproceedings{zhao2006improved,
  title={An improved Chinese word segmentation system with conditional random field},
  author={Zhao, Hai and Huang, Changning and Li, Mu},
  booktitle={Proceedings of the Fifth SIGHAN Workshop on Chinese Language Processing},
  pages={162--165},
  year={2006}
}

@inproceedings{constant2011mwu,
  title={MWU-aware part-of-speech tagging with a CRF model and lexical resources},
  author={Constant, Matthieu and Sigogne, Anthony},
  booktitle={Proceedings of the workshop on multiword expressions: from parsing and generation to the real world},
  pages={49--56},
  year={2011},
  organization={Association for Computational Linguistics}
}

@inproceedings{ekbal2008named,
  title={Named entity recognition in Bengali: A conditional random field approach},
  author={Ekbal, Asif and Haque, Rejwanul and Bandyopadhyay, Sivaji},
  booktitle={Proceedings of the Third International Joint Conference on Natural Language Processing: Volume-II},
  year={2008}
}

@inproceedings{zhang2007chinese,
  title={Chinese segmentation with a word-based perceptron algorithm},
  author={Zhang, Yue and Clark, Stephen},
  booktitle={Proceedings of the 45th annual meeting of the association of computational linguistics},
  pages={840--847},
  year={2007}
}

@inproceedings{zhang2008joint,
  title={Joint word segmentation and POS tagging using a single perceptron},
  author={Zhang, Yue and Clark, Stephen},
  booktitle={Proceedings of ACL-08: HLT},
  pages={888--896},
  year={2008}
}

@article{collobert2011natural,
  title={Natural language processing (almost) from scratch},
  author={Collobert, Ronan and Weston, Jason and Bottou, L{\'e}on and Karlen, Michael and Kavukcuoglu, Koray and Kuksa, Pavel},
  journal={Journal of machine learning research},
  volume={12},
  number={Aug},
  pages={2493--2537},
  year={2011}
}

@inproceedings{zheng2013deep,
  title={Deep learning for Chinese word segmentation and POS tagging},
  author={Zheng, Xiaoqing and Chen, Hanyang and Xu, Tianyu},
  booktitle={Proceedings of the 2013 Conference on Empirical Methods in Natural Language Processing},
  pages={647--657},
  year={2013}
}

@inproceedings{wu2019neural,
  title={Neural Chinese named entity recognition via CNN-LSTM-CRF and joint training with word segmentation},
  author={Wu, Fangzhao and Liu, Junxin and Wu, Chuhan and Huang, Yongfeng and Xie, Xing},
  booktitle={The World Wide Web Conference},
  pages={3342--3348},
  year={2019}
}

@inproceedings{chen2015long,
  title={Long short-term memory neural networks for chinese word segmentation},
  author={Chen, Xinchi and Qiu, Xipeng and Zhu, Chenxi and Liu, Pengfei and Huang, Xuan-Jing},
  booktitle={Proceedings of the 2015 Conference on Empirical Methods in Natural Language Processing},
  pages={1197--1206},
  year={2015}
}

@inproceedings{chen2015gated,
  title={Gated recursive neural network for Chinese word segmentation},
  author={Chen, Xinchi and Qiu, Xipeng and Zhu, Chenxi and Huang, Xuan-Jing},
  booktitle={Proceedings of the 53rd Annual Meeting of the Association for Computational Linguistics and the 7th International Joint Conference on Natural Language Processing (Volume 1: Long Papers)},
  pages={1744--1753},
  year={2015}
}

@inproceedings{hatori2012incremental,
  title={Incremental joint approach to word segmentation, POS tagging, and dependency parsing in Chinese},
  author={Hatori, Jun and Matsuzaki, Takuya and Miyao, Yusuke and Tsujii, Jun'ichi},
  booktitle={Proceedings of the 50th Annual Meeting of the Association for Computational Linguistics: Long Papers-Volume 1},
  pages={1045--1053},
  year={2012},
  organization={Association for Computational Linguistics}
}

@article{shao2017character,
  title={Character-based joint segmentation and POS tagging for Chinese using bidirectional RNN-CRF},
  author={Shao, Yan and Hardmeier, Christian and Tiedemann, J{\"o}rg and Nivre, Joakim},
  journal={arXiv preprint arXiv:1704.01314},
  year={2017}
}

@article{witten2008effective,
  title={An effective, low-cost measure of semantic relatedness obtained from Wikipedia links},
  author={Witten, Ian H and Milne, David N},
  year={2008},
  publisher={AAAI Press}
}

@article{go2009twitter,
  title={Twitter sentiment classification using distant supervision},
  author={Go, Alec and Bhayani, Richa and Huang, Lei},
  journal={CS224N project report, Stanford},
  volume={1},
  number={12},
  pages={2009},
  year={2009}
}

@article{bengio2003neural,
  title={A neural probabilistic language model},
  author={Bengio, Yoshua and Ducharme, R{\'e}jean and Vincent, Pascal and Jauvin, Christian},
  journal={Journal of machine learning research},
  volume={3},
  number={Feb},
  pages={1137--1155},
  year={2003}
}

@inproceedings{collobert2008unified,
  title={A unified architecture for natural language processing: Deep neural networks with multitask learning},
  author={Collobert, Ronan and Weston, Jason},
  booktitle={Proceedings of the 25th international conference on Machine learning},
  pages={160--167},
  year={2008}
}

@article{mikolov2013efficient,
  title={Efficient estimation of word representations in vector space},
  author={Mikolov, Tomas and Chen, Kai and Corrado, Greg and Dean, Jeffrey},
  journal={arXiv preprint arXiv:1301.3781},
  year={2013}
}

@inproceedings{graves2013hybrid,
  title={Hybrid speech recognition with deep bidirectional LSTM},
  author={Graves, Alex and Jaitly, Navdeep and Mohamed, Abdel-rahman},
  booktitle={2013 IEEE workshop on automatic speech recognition and understanding},
  pages={273--278},
  year={2013},
  organization={IEEE}
}

@article{kalchbrenner2014convolutional,
  title={A convolutional neural network for modelling sentences},
  author={Kalchbrenner, Nal and Grefenstette, Edward and Blunsom, Phil},
  journal={arXiv preprint arXiv:1404.2188},
  year={2014}
}

@article{kim2014convolutional,
  title={Convolutional neural networks for sentence classification},
  author={Kim, Yoon},
  journal={arXiv preprint arXiv:1408.5882},
  year={2014}
}

@inproceedings{socher2013recursive,
  title={Recursive deep models for semantic compositionality over a sentiment treebank},
  author={Socher, Richard and Perelygin, Alex and Wu, Jean and Chuang, Jason and Manning, Christopher D and Ng, Andrew Y and Potts, Christopher},
  booktitle={Proceedings of the 2013 conference on empirical methods in natural language processing},
  pages={1631--1642},
  year={2013}
}

@inproceedings{sutskever2014sequence,
  title={Sequence to sequence learning with neural networks},
  author={Sutskever, Ilya and Vinyals, Oriol and Le, Quoc V},
  booktitle={Advances in neural information processing systems},
  pages={3104--3112},
  year={2014}
}

@article{bahdanau2014neural,
  title={Neural machine translation by jointly learning to align and translate},
  author={Bahdanau, Dzmitry and Cho, Kyunghyun and Bengio, Yoshua},
  journal={arXiv preprint arXiv:1409.0473},
  year={2014}
}

@article{graves2014neural,
  title={Neural turing machines},
  author={Graves, Alex and Wayne, Greg and Danihelka, Ivo},
  journal={arXiv preprint arXiv:1410.5401},
  year={2014}
}

@article{weston2014memory,
  title={Memory networks},
  author={Weston, Jason and Chopra, Sumit and Bordes, Antoine},
  journal={arXiv preprint arXiv:1410.3916},
  year={2014}
}
@inproceedings{sukhbaatar2015end,
  title={End-to-end memory networks},
  author={Sukhbaatar, Sainbayar and Weston, Jason and Fergus, Rob and others},
  booktitle={Advances in neural information processing systems},
  pages={2440--2448},
  year={2015}
}

@inproceedings{kumar2016ask,
  title={Ask me anything: Dynamic memory networks for natural language processing},
  author={Kumar, Ankit and Irsoy, Ozan and Ondruska, Peter and Iyyer, Mohit and Bradbury, James and Gulrajani, Ishaan and Zhong, Victor and Paulus, Romain and Socher, Richard},
  booktitle={International conference on machine learning},
  pages={1378--1387},
  year={2016}
}

@article{graves2016hybrid,
  title={Hybrid computing using a neural network with dynamic external memory},
  author={Graves, Alex and Wayne, Greg and Reynolds, Malcolm and Harley, Tim and Danihelka, Ivo and Grabska-Barwi{\'n}ska, Agnieszka and Colmenarejo, Sergio G{\'o}mez and Grefenstette, Edward and Ramalho, Tiago and Agapiou, John and others},
  journal={Nature},
  volume={538},
  number={7626},
  pages={471--476},
  year={2016},
  publisher={Nature Publishing Group}
}

@article{henaff2016tracking,
  title={Tracking the world state with recurrent entity networks},
  author={Henaff, Mikael and Weston, Jason and Szlam, Arthur and Bordes, Antoine and LeCun, Yann},
  journal={arXiv preprint arXiv:1612.03969},
  year={2016}
}

@article{conneau2017supervised,
  title={Supervised learning of universal sentence representations from natural language inference data},
  author={Conneau, Alexis and Kiela, Douwe and Schwenk, Holger and Barrault, Loic and Bordes, Antoine},
  journal={arXiv preprint arXiv:1705.02364},
  year={2017}
}

@inproceedings{mccann2017learned,
  title={Learned in translation: Contextualized word vectors},
  author={McCann, Bryan and Bradbury, James and Xiong, Caiming and Socher, Richard},
  booktitle={Advances in Neural Information Processing Systems},
  pages={6294--6305},
  year={2017}
}

@article{subramanian2018learning,
  title={Learning general purpose distributed sentence representations via large scale multi-task learning},
  author={Subramanian, Sandeep and Trischler, Adam and Bengio, Yoshua and Pal, Christopher J},
  journal={arXiv preprint arXiv:1804.00079},
  year={2018}
}

@article{ramachandran2016unsupervised,
  title={Unsupervised pretraining for sequence to sequence learning},
  author={Ramachandran, Prajit and Liu, Peter J and Le, Quoc V},
  journal={arXiv preprint arXiv:1611.02683},
  year={2016}
}

@article{howard2018universal,
  title={Universal language model fine-tuning for text classification},
  author={Howard, Jeremy and Ruder, Sebastian},
  journal={arXiv preprint arXiv:1801.06146},
  year={2018}
}

@inproceedings{wong1996chinese,
  title={Chinese word segmentation based on maximum matching and word binding force},
  author={Wong, Pak-kwong and Chan, Chorkin},
  booktitle={Proceedings of the 16th conference on Computational linguistics-Volume 1},
  pages={200--203},
  year={1996},
  organization={Association for Computational Linguistics}
}

@inproceedings{weichun2013research,
  title={Research on Longest Backward Segmentation for Context},
  author={Weichun, Huang and Jianjian, Jiang},
  booktitle={1st International Workshop on Cloud Computing and Information Security},
  year={2013},
  organization={Atlantis Press}
}

@article{markov1913example,
  title={An example of statistical investigation of the text Eugene Onegin concerning the connection of samples in chains. Classical text in translation},
  author={Markov, Andrej Andrejewitsch},
  journal={Lecture at the physical-mathematical faculty, Royal Academy of Sciences, St. Petersburg},
  volume={23},
  pages={591--600},
  year={1913}
}

@article{shannon1948mathematical,
  title={A mathematical theory of communication},
  author={Shannon, Claude E},
  journal={Bell system technical journal},
  volume={27},
  number={3},
  pages={379--423},
  year={1948},
  publisher={Wiley Online Library}
}

@article{chomsky1956three,
  title={Three models for the description of language},
  author={Chomsky, Noam},
  journal={IRE Transactions on information theory},
  volume={2},
  number={3},
  pages={113--124},
  year={1956},
  publisher={IEEE}
}

@incollection{stratonovich1965conditional,
  title={Conditional markov processes},
  author={Stratonovich, Ruslan Leont’evich},
  booktitle={Non-linear transformations of stochastic processes},
  pages={427--453},
  year={1965},
  publisher={Elsevier}
}

@article{jaynes1957information,
  title={Information theory and statistical mechanics},
  author={Jaynes, Edwin T},
  journal={Physical review},
  volume={106},
  number={4},
  pages={620},
  year={1957},
  publisher={APS}
}

@article{viterbi1967error,
  title={Error bounds for convolutional codes and an asymptotically optimum decoding algorithm},
  author={Viterbi, Andrew},
  journal={IEEE transactions on Information Theory},
  volume={13},
  number={2},
  pages={260--269},
  year={1967},
  publisher={IEEE}
}

@article{cortes1995support,
  title={Support-vector networks},
  author={Cortes, Corinna and Vapnik, Vladimir},
  journal={Machine learning},
  volume={20},
  number={3},
  pages={273--297},
  year={1995},
  publisher={Springer}
}

@book{kuvcera1967computational,
  title={Computational analysis of present-day American English},
  author={Ku{\v{c}}era, Henry and Francis, Winthrop Nelson},
  year={1967},
  publisher={Dartmouth Publishing Group}
}

@inproceedings{baker1998berkeley,
  title={The berkeley framenet project},
  author={Baker, Collin F and Fillmore, Charles J and Lowe, John B},
  booktitle={Proceedings of the 17th international conference on Computational linguistics-Volume 1},
  pages={86--90},
  year={1998},
  organization={Association for Computational Linguistics}
}

@article{lafferty2001conditional,
  title={Conditional random fields: Probabilistic models for segmenting and labeling sequence data},
  author={Lafferty, John and McCallum, Andrew and Pereira, Fernando CN},
  year={2001}
}

@inproceedings{papineni2002bleu,
  title={BLEU: a method for automatic evaluation of machine translation},
  author={Papineni, Kishore and Roukos, Salim and Ward, Todd and Zhu, Wei-Jing},
  booktitle={Proceedings of the 40th annual meeting on association for computational linguistics},
  pages={311--318},
  year={2002},
  organization={Association for Computational Linguistics}
}

@inproceedings{collins2002discriminative,
  title={Discriminative training methods for hidden markov models: Theory and experiments with perceptron algorithms},
  author={Collins, Michael},
  booktitle={Proceedings of the ACL-02 conference on Empirical methods in natural language processing-Volume 10},
  pages={1--8},
  year={2002},
  organization={Association for Computational Linguistics}
}

@inproceedings{pang2002thumbs,
  title={Thumbs up?: sentiment classification using machine learning techniques},
  author={Pang, Bo and Lee, Lillian and Vaithyanathan, Shivakumar},
  booktitle={Proceedings of the ACL-02 conference on Empirical methods in natural language processing-Volume 10},
  pages={79--86},
  year={2002},
  organization={Association for Computational Linguistics}
}

@article{blei2003latent,
  title={Latent dirichlet allocation},
  author={Blei, David M and Ng, Andrew Y and Jordan, Michael I},
  journal={Journal of machine Learning research},
  volume={3},
  number={Jan},
  pages={993--1022},
  year={2003}
}

@inproceedings{taskar2004max,
  title={Max-margin parsing},
  author={Taskar, Ben and Klein, Dan and Collins, Mike and Koller, Daphne and Manning, Christopher D},
  booktitle={Proceedings of the 2004 Conference on Empirical Methods in Natural Language Processing},
  pages={1--8},
  year={2004}
}

@inproceedings{hovy2006ontonotes,
  title={OntoNotes: the 90\% solution},
  author={Hovy, Eduard and Marcus, Mitch and Palmer, Martha and Ramshaw, Lance and Weischedel, Ralph},
  booktitle={Proceedings of the human language technology conference of the NAACL, Companion Volume: Short Papers},
  pages={57--60},
  year={2006}
}

@inproceedings{viola2001rapid,
  title={Rapid object detection using a boosted cascade of simple features},
  author={Viola, Paul and Jones, Michael},
  booktitle={Proceedings of the 2001 IEEE computer society conference on computer vision and pattern recognition. CVPR 2001},
  volume={1},
  pages={I--I},
  year={2001},
  organization={IEEE}
}

@article{zhang2016joint,
  title={Joint face detection and alignment using multitask cascaded convolutional networks},
  author={Zhang, Kaipeng and Zhang, Zhanpeng and Li, Zhifeng and Qiao, Yu},
  journal={IEEE Signal Processing Letters},
  volume={23},
  number={10},
  pages={1499--1503},
  year={2016},
  publisher={IEEE}
}

@inproceedings{ren2015faster,
  title={Faster r-cnn: Towards real-time object detection with region proposal networks},
  author={Ren, Shaoqing and He, Kaiming and Girshick, Ross and Sun, Jian},
  booktitle={Advances in neural information processing systems},
  pages={91--99},
  year={2015}
}

@article{wang2017face,
  title={Face r-cnn},
  author={Wang, Hao and Li, Zhifeng and Ji, Xing and Wang, Yitong},
  journal={arXiv preprint arXiv:1706.01061},
  year={2017}
}

@inproceedings{tang2018pyramidbox,
  title={Pyramidbox: A context-assisted single shot face detector},
  author={Tang, Xu and Du, Daniel K and He, Zeqiang and Liu, Jingtuo},
  booktitle={Proceedings of the European Conference on Computer Vision (ECCV)},
  pages={797--813},
  year={2018}
}

@article{deng2019retinaface,
  title={Retinaface: Single-stage dense face localisation in the wild},
  author={Deng, Jiankang and Guo, Jia and Zhou, Yuxiang and Yu, Jinke and Kotsia, Irene and Zafeiriou, Stefanos},
  journal={arXiv preprint arXiv:1905.00641},
  year={2019}
}

@inproceedings{najibi2017ssh,
  title={Ssh: Single stage headless face detector},
  author={Najibi, Mahyar and Samangouei, Pouya and Chellappa, Rama and Davis, Larry S},
  booktitle={Proceedings of the IEEE International Conference on Computer Vision},
  pages={4875--4884},
  year={2017}
}
@inproceedings{sun2014deep,
  title={Deep learning face representation by joint identification-verification},
  author={Sun, Yi and Chen, Yuheng and Wang, Xiaogang and Tang, Xiaoou},
  booktitle={Advances in neural information processing systems},
  pages={1988--1996},
  year={2014}
}

@inproceedings{schroff2015facenet,
  title={Facenet: A unified embedding for face recognition and clustering},
  author={Schroff, Florian and Kalenichenko, Dmitry and Philbin, James},
  booktitle={Proceedings of the IEEE conference on computer vision and pattern recognition},
  pages={815--823},
  year={2015}
}

@inproceedings{wen2016discriminative,
  title={A discriminative feature learning approach for deep face recognition},
  author={Wen, Yandong and Zhang, Kaipeng and Li, Zhifeng and Qiao, Yu},
  booktitle={European conference on computer vision},
  pages={499--515},
  year={2016},
  organization={Springer}
}

@inproceedings{liu2017sphereface,
  title={Sphereface: Deep hypersphere embedding for face recognition},
  author={Liu, Weiyang and Wen, Yandong and Yu, Zhiding and Li, Ming and Raj, Bhiksha and Song, Le},
  booktitle={Proceedings of the IEEE conference on computer vision and pattern recognition},
  pages={212--220},
  year={2017}
}

@inproceedings{wang2018cosface,
  title={Cosface: Large margin cosine loss for deep face recognition},
  author={Wang, Hao and Wang, Yitong and Zhou, Zheng and Ji, Xing and Gong, Dihong and Zhou, Jingchao and Li, Zhifeng and Liu, Wei},
  booktitle={Proceedings of the IEEE Conference on Computer Vision and Pattern Recognition},
  pages={5265--5274},
  year={2018}
}

@inproceedings{deng2019arcface,
  title={Arcface: Additive angular margin loss for deep face recognition},
  author={Deng, Jiankang and Guo, Jia and Xue, Niannan and Zafeiriou, Stefanos},
  booktitle={Proceedings of the IEEE Conference on Computer Vision and Pattern Recognition},
  pages={4690--4699},
  year={2019}
}

@book{maltoni2009handbook,
  title={Handbook of fingerprint recognition},
  author={Maltoni, Davide and Maio, Dario and Jain, Anil K and Prabhakar, Salil},
  year={2009},
  publisher={Springer Science \& Business Media}
}

@article{kong2009survey,
  title={A survey of palmprint recognition},
  author={Kong, Adams and Zhang, David and Kamel, Mohamed},
  journal={pattern recognition},
  volume={42},
  number={7},
  pages={1408--1418},
  year={2009},
  publisher={Elsevier}
}

@inproceedings{hashimoto2006finger,
  title={Finger vein authentication technology and its future},
  author={Hashimoto, Junichi},
  booktitle={2006 Symposium on VLSI Circuits, 2006. Digest of Technical Papers.},
  pages={5--8},
  year={2006},
  organization={IEEE}
}

@incollection{daugman2009iris,
  title={How iris recognition works},
  author={Daugman, John},
  booktitle={The essential guide to image processing},
  pages={715--739},
  year={2009},
  publisher={Elsevier}
}

@inproceedings{chingovska2012effectiveness,
  title={On the effectiveness of local binary patterns in face anti-spoofing},
  author={Chingovska, Ivana and Anjos, Andr{\'e} and Marcel, S{\'e}bastien},
  booktitle={2012 BIOSIG-proceedings of the international conference of biometrics special interest group (BIOSIG)},
  pages={1--7},
  year={2012},
  organization={IEEE}
}

@inproceedings{zhang2019dataset,
  title={A dataset and benchmark for large-scale multi-modal face anti-spoofing},
  author={Zhang, Shifeng and Wang, Xiaobo and Liu, Ajian and Zhao, Chenxu and Wan, Jun and Escalera, Sergio and Shi, Hailin and Wang, Zezheng and Li, Stan Z},
  booktitle={Proceedings of the IEEE Conference on Computer Vision and Pattern Recognition},
  pages={919--928},
  year={2019}
}

@incollection{yi2014face,
  title={Face anti-spoofing: Multi-spectral approach},
  author={Yi, Dong and Lei, Zhen and Zhang, Zhiwei and Li, Stan Z},
  booktitle={Handbook of Biometric Anti-Spoofing},
  pages={83--102},
  year={2014},
  publisher={Springer}
}

@article{liu2019aurora,
  title={Aurora guard: Real-time face anti-spoofing via light reflection},
  author={Liu, Yao and Tai, Ying and Li, Jilin and Ding, Shouhong and Wang, Chengjie and Huang, Feiyue and Li, Dongyang and Qi, Wenshuai and Ji, Rongrong},
  journal={arXiv preprint arXiv:1902.10311},
  year={2019}
}

@article{reynolds1995speaker,
  title={Speaker identification and verification using Gaussian mixture speaker models},
  author={Reynolds, Douglas A},
  journal={Speech communication},
  volume={17},
  number={1-2},
  pages={91--108},
  year={1995},
  publisher={Elsevier}
}
@article{reynolds2000speaker,
  title={Speaker verification using adapted Gaussian mixture models},
  author={Reynolds, Douglas A and Quatieri, Thomas F and Dunn, Robert B},
  journal={Digital signal processing},
  volume={10},
  number={1-3},
  pages={19--41},
  year={2000},
  publisher={Elsevier}
}
@article{kenny2005joint,
  title={Joint factor analysis of speaker and session variability: Theory and algorithms},
  author={Kenny, Patrick},
  journal={CRIM, Montreal,(Report) CRIM-06/08-13},
  volume={14},
  pages={28--29},
  year={2005}
}
@inproceedings{campbell2006svm,
  title={SVM based speaker verification using a GMM supervector kernel and NAP variability compensation},
  author={Campbell, William M and Sturim, Douglas E and Reynolds, Douglas A and Solomonoff, Alex},
  booktitle={2006 IEEE International Conference on Acoustics Speech and Signal Processing Proceedings},
  volume={1},
  pages={I--I},
  year={2006},
  organization={IEEE}
}
@article{dehak2010front,
  title={Front-end factor analysis for speaker verification},
  author={Dehak, Najim and Kenny, Patrick J and Dehak, R{\'e}da and Dumouchel, Pierre and Ouellet, Pierre},
  journal={IEEE Transactions on Audio, Speech, and Language Processing},
  volume={19},
  number={4},
  pages={788--798},
  year={2010},
  publisher={IEEE}
}

@article{patil2005speaker,
  title={Speaker recognition in Indian languages: A feature based approach},
  author={Patil, Hemant A},
  journal={Indian Institute of Technology Kharagpur (IIT-K), Ph. D Thesis},
  year={2005}
}

@article{patil2008lp,
  title={LP spectra vs. Mel spectra for identification of professional mimics in Indian languages},
  author={Patil, Hemant A and Basu, Tapan Kumar},
  journal={International Journal of Speech Technology},
  volume={11},
  number={1},
  pages={1--16},
  year={2008},
  publisher={Springer}
}

@article{kinnunen2017asvspoof,
  title={The ASVspoof 2017 challenge: Assessing the limits of replay spoofing attack detection},
  author={Kinnunen, Tomi and Sahidullah, Md and Delgado, H{\'e}ctor and Todisco, Massimiliano and Evans, Nicholas and Yamagishi, Junichi and Lee, Kong Aik},
  year={2017},
  publisher={ISCA (the International Speech Communication Association)}
}

@inproceedings{jia2018transfer,
  title={Transfer learning from speaker verification to multispeaker text-to-speech synthesis},
  author={Jia, Ye and Zhang, Yu and Weiss, Ron and Wang, Quan and Shen, Jonathan and Ren, Fei and Nguyen, Patrick and Pang, Ruoming and Moreno, Ignacio Lopez and Wu, Yonghui and others},
  booktitle={Advances in neural information processing systems},
  pages={4480--4490},
  year={2018}
}
